@ARTICLE{Burrows90,
    author = {Michael Burrows and Martín Abadi and Roger Needham},
    title = {A logic of authentication},
    journal = {Acm Transactions On Computer Systems},
    year = {1990},
    volume = {8},
    pages = {2--36}
}
@misc{rfc2616,
  author="R. Fielding and J. Gettys and J. Mogul and H. Frystyk and L. Masinter and P. Leach and T. Berners-Lee",
  title="{Hypertext Transfer Protocol -- HTTP/1.1}",
  series="Request for Comments",
  number="2616",
  howpublished="RFC 2616 (Draft Standard)",
  publisher="IETF",
  organization="Internet Engineering Task Force",
  year=1999,
  month=jun,
    note="Updated by RFCs 2817, 5785",
  url="http://www.ietf.org/rfc/rfc2616.txt",
}
@BOOK{Oppliger200909, 
title={SSL and TLS: Theory and Practice (Information Security and Privacy)},
author={Rolf Oppliger},
publisher={Artech House Publishers},
year={2009},
month={9},
isbn={9781596934474},
url={http://amazon.com/o/ASIN/1596934476/},
price={$89.00},
totalpages={257},
pages = {87--125},
timestamp={2010.10.17},
}
@ARTICLE{PKCS_RSA,
    author = {RSA Security Inc.},
    title = {PKCS \#11: Cryptographic Token Interface Standard 2.2},
    journal = {RSA Laboratories Technical Note},
    year = {2004},
}
@BOOK{ViegaMessierChandra200206, 
title={Network Security with OpenSSL},
author={John Viega and Matt Messier and Pravir Chandra},
publisher={O'Reilly Media},
year={2002},
month={6},
edition={1},
isbn={9780596002701},
url={http://amazon.com/o/ASIN/059600270X/},
price={$39.95},
totalpages={384},
timestamp={2010.10.24},
}
@BOOK{GammaHelmJohnsonVlissides199711, 
title={Design Patterns: Elements of Reusable Object-Oriented Software},
author={Erich Gamma and Richard Helm and Ralph Johnson and John M. Vlissides},
publisher={Addison-Wesley Professional},
year={1997},
month={11},
isbn={9780201633610},
url={http://amazon.com/o/ASIN/0201633612/},
price={$59.99},
totalpages={416},
timestamp={2010.10.31},
}
@INPROCEEDINGS{Clulow03onthe,
    author = {Jolyon Clulow},
    title = {On the Security of PKCS \#11},
    booktitle = {In Proceedings Of The 5th International Worshop On Cryptographic Hardware And Embedded Systems },
    year = {2003},
    pages = {411--425},
    publisher = {Springer-Verlag}
}
@MISC{Wiener00samplesecurid,
	author = {I C Wiener},
	title = {Sample SecurID Token Emulator with Token Secret Import, post to BugTraq, http://archives.neohapsis.com/archives/bugtraq/2000-12/0428.html},
	year = {2000}
}
@TECHREPORT{Fielding99softwarearchitectural,
    author = {Roy T. Fielding},
    title = {Software Architectural Styles for Network-Based Applications},
    institution = {University Of California},
    year = {1999}
}
@BOOK{ZwickyCooperChapmanRussell200001, 
title={Building Internet Firewalls (2nd Edition)},
author={Elizabeth D. Zwicky and Simon Cooper and D. Brent Chapman and Deborah Russell},
publisher={O'Reilly Media, Inc.},
year={2000},
month={1},
edition={2},
asin={B00008CM39},
url={http://amazon.com/o/ASIN/B00008CM39/},
price={$49.95},
totalpages={869},
timestamp={2010.11.11},
}
@ARTICLE{mvc_xerox,
    author = {Trygve Reenskaug},
    title = {Models - Views - Controllers},
    journal = {Xerox Technical Note},
    year = {1979},
}
@BOOK{BruceSchneier199601, 
title={Applied Cryptography},
author={Bruce Schneier},
publisher={Wiley},
year={1996},
month={1},
edition={2},
asin={B0036HKK7C},
url={http://amazon.com/o/ASIN/B0036HKK7C/},
timestamp={2010.11.16},
}
@MISC{Menezes97handbookof,
    author = {Alfred J. Menezes and Paul C. Van Oorschot and Scott A. Vanstone and R. L. Rivest},
    title = {Handbook of Applied Cryptography},
    year = {1997}
}
@INPROCEEDINGS{Perrig01spins:security,
    author = {Adrian Perrig and Robert Szewczyk and Victor Wen and David Culler and J. D. Tygar},
    title = {SPINS: Security Protocols for Sensor Networks},
    booktitle = {Wireless Networks},
    year = {2001},
    pages = {189--199}
}
@MISC{Akyildiz02asurvey,
    author = {Lan F. Akyildiz and Welljan Su and Yogesh Sankarasubramaniam and Erdal Cayirci},
    title = {A Survey on Sensor Networks},
    year = {2002}
}
@ARTICLE{Akyildiz02wirelesssensor,
    author = {I. F. Akyildiz and W. Su and Y. Sankarasubramaniam and E. Cayirci},
    title = {Wireless sensor networks: a survey},
    journal = {Computer Networks},
    year = {2002},
    volume = {38},
    pages = {393--422}
}
@INPROCEEDINGS{Heinzelman00energy-efficientcommunication,
    author = {Wendi Rabiner Heinzelman and Anantha Ch and Hari Balakrishnan},
    title = {Energy-efficient communication protocol for wireless microsensor networks},
    booktitle = {},
    year = {2000},
    pages = {3005--3014}
}
@INPROCEEDINGS{Hill00systemarchitecture,
    author = {Jason Hill and Robert Szewczyk and Alec Woo and Seth Hollar and David Culler and Kristofer Pister},
    title = {System architecture directions for networked sensors},
    booktitle = {IN ARCHITECTURAL SUPPORT FOR PROGRAMMING LANGUAGES AND OPERATING SYSTEMS},
    year = {2000},
    pages = {93--104},
    publisher = {}
}
